<?xml version="1.0" encoding="UTF-8"?><collection xmlns="http://www.loc.gov/MARC21/slim"><record><leader>00488nam--2200169-i-4500</leader><controlfield tag="001">000039652</controlfield><controlfield tag="002">20161230</controlfield><controlfield tag="005">20170128002137</controlfield><controlfield tag="008">060222s1000------------r-----000-0-eng-d</controlfield><datafield ind1=" " ind2=" " tag="100"><subfield code="a">Rossi, Hugo</subfield></datafield><datafield ind1=" " ind2=" " tag="245"><subfield code="a">Analytic functions of several complex variables</subfield></datafield><datafield ind1=" " ind2=" " tag="260"><subfield code="a">Englewood Cliffs, N.J</subfield><subfield code="b">Prentice-Hall, Inc</subfield><subfield code="c">1965</subfield></datafield><datafield ind1=" " ind2=" " tag="300"><subfield code="a">XII + 317 p</subfield></datafield><datafield ind1=" " ind2=" " tag="490"><subfield code="a">Prentice-hall Series In Modern Analysis</subfield></datafield><datafield ind1=" " ind2=" " tag="700"><subfield code="a">Gunning, Robert C</subfield></datafield><datafield ind1=" " ind2=" " tag="852"><subfield code="a">26969</subfield><subfield code="c">517</subfield></datafield><datafield ind1=" " ind2=" " tag="CAT"><subfield code="a">SYS</subfield><subfield code="c">20170128</subfield><subfield code="h">002137</subfield></datafield></record></collection>